@Misc{Vaswani2017,
  author    = {Vaswani, Ashish and Shazeer, Noam and Parmar, Niki and Uszkoreit, Jakob and Jones, Llion and Gomez, Aidan N. and Kaiser, Lukasz and Polosukhin, Illia},
  date      = {2017},
  title     = {Attention Is All You Need},
  doi       = {10.48550/ARXIV.1706.03762},
  copyright = {arXiv.org perpetual, non-exclusive license},
  keywords  = {Computation and Language (cs.CL), Machine Learning (cs.LG), FOS: Computer and information sciences, FOS: Computer and information sciences},
  publisher = {arXiv},
}
@Book{Geron2022,
  author    = {Géron, Aurélien},
  date      = {2022},
  title     = {Hands-On Machine Learning with Scikit-Learn, Keras, and TensorFlow Concepts, Tools, and Techniques to Build Intelligent Systems},
  isbn      = {9781098125974},
  publisher = {O'Reilly Media, Incorporated},
  subtitle  = {Concepts, Tools, and Techniques to Build Intelligent Systems},
}

@Comment{jabref-meta: databaseType:biblatex;}
